
@article{Khatri2012,
author = {Khatri, Purvesh and Sirota, Marina and Butte, Atul J},
doi = {10.1371/journal.pcbi.1002375},
issn = {1553-7358},
journal = {PLoS Computational Biology},
number = {2},
pages = {e1002375},
pmid = {22383865},
title = {{Ten years of pathway analysis: current approaches and outstanding challenges.}},
url = {http://www.pubmedcentral.nih.gov/articlerender.fcgi?artid=3285573\&tool=pmcentrez\&rendertype=abstract},
volume = {8},
year = {2012}
}


@article{Subramanian2005,
author = {Subramanian, Aravind and Tamayo, Pablo and Mootha, Vamsi K and Mukherjee, Sayan and Ebert, Benjamin L and Gillette, Michael a and Paulovich, Amanda and Pomeroy, Scott L and Golub, Todd R and Lander, Eric S and Mesirov, Jill P},
doi = {10.1073/pnas.0506580102},
issn = {0027-8424},
journal = {Proceedings of the National Academy of Sciences of the United States of America},
month = oct,
number = {43},
pages = {15545--50},
pmid = {16199517},
title = {{Gene set enrichment analysis: a knowledge-based approach for interpreting genome-wide expression profiles.}},
url = {http://www.pubmedcentral.nih.gov/articlerender.fcgi?artid=1239896\&tool=pmcentrez\&rendertype=abstract},
volume = {102},
year = {2005}
}

@article{SHAH2014,
 Author = {Rosemary Braun and Sahil Shah},
 Journal = {Computational and Structural Biotechnology Journal},
 Title = {Network Methods for Pathway Analysis of Gene Expression Data},
 Volume = {In press~},
 Number = {arXiv:1411.1993 [q-bio.QM]},
 Year = 2014
}

%Ideker 2013 Review

@article{Mitra2013,
author = {Mitra, Koyel and Carvunis, Anne-Ruxandra and Ramesh, Sanath Kumar and Ideker, Trey},
doi = {10.1038/nrg3552},
issn = {1471-0064},
journal = {Nature reviews. Genetics},
number = {10},
pages = {719--32},
pmid = {24045689},
publisher = {Nature Publishing Group},
title = {{Integrative approaches for finding modular structure in biological networks.}},
url = {http://www.ncbi.nlm.nih.gov/pubmed/24045689},
volume = {14},
year = {2013}
}

% jActiveModules

@article{Ideker2002,
author = {Ideker, Trey and Ozier, Owen and Schwikowski, Benno and Siegel, AF},
journal = {Bioinformatics},
pages = {233--240},
title = {{Discovering regulatory and signalling circuits in molecular interaction networks}},
url = {http://bioinformatics.oxfordjournals.org/content/18/suppl\_1/S233.short},
volume = {18},
year = {2002}
}

% HotNet2

@article{Leiserson2014,
author = {Leiserson, Mark D M and Vandin, Fabio and Wu, Hsin-Ta and Dobson, Jason R and Eldridge, Jonathan V and Thomas, Jacob L and Papoutsaki, Alexandra and Kim, Younhun and Niu, Beifang and McLellan, Michael and Lawrence, Michael S and Gonzalez-Perez, Abel and Tamborero, David and Cheng, Yuwei and Ryslik, Gregory a and Lopez-Bigas, Nuria and Getz, Gad and Ding, Li and Raphael, Benjamin J},
doi = {10.1038/ng.3168},
issn = {1061-4036},
journal = {Nature Genetics},
month = dec,
publisher = {Nature Publishing Group},
title = {{Pan-cancer network analysis identifies combinations of rare somatic mutations across pathways and protein complexes}},
url = {http://www.nature.com/doifinder/10.1038/ng.3168},
year = {2014}
}


% HotNet

@article{Vandin2010,
author = {Vandin, Fabio and Upfal, Eli and Raphael, Benjamin J.},
doi = {10.1007/978-3-642-12683-3\_33},
isbn = {3642126820},
issn = {03029743},
journal = {Lecture Notes in Computer Science (including subseries Lecture Notes in Artificial Intelligence and Lecture Notes in Bioinformatics)},
number = {3},
pages = {506--521},
pmid = {21385051},
title = {{Algorithms for detecting significantly mutated pathways in cancer}},
volume = {6044 LNBI},
year = {2010}
}

@article{Nitsch2009,
author = {Nitsch, Daniela and Tranchevent, L\'{e}on-Charles and Thienpont, Bernard and Thorrez, Lieven and {Van Esch}, Hilde and Devriendt, Koenraad and Moreau, Yves},
doi = {10.1371/journal.pone.0005526},
issn = {1932-6203},
journal = {PloS one},
month = jan,
number = {5},
pages = {e5526},
pmid = {19436755},
title = {{Network analysis of differential expression for the identification of disease-causing genes.}},
url = {http://www.pubmedcentral.nih.gov/articlerender.fcgi?artid=2677677\&tool=pmcentrez\&rendertype=abstract},
volume = {4},
year = {2009}
}

@article{Editoral2015,
doi = {10.1038/nmeth.3359},
issn = {1548-7091},
journal = {Nature Methods},
month = mar,
number = {4},
pages = {273--273},
publisher = {Nature Publishing Group, a division of Macmillan Publishers Limited. All Rights Reserved.},
shorttitle = {Nat Meth},
title = {{The difficulty of a fair comparison}},
url = {http://dx.doi.org/10.1038/nmeth.3359},
volume = {12},
year = {2015}
}



% Ovarian Cancer 

@article{Ganzfried2013,
author = {Ganzfried, Benjamin Frederick and Riester, Markus and Haibe-Kains, Benjamin and Risch, Thomas and Tyekucheva, Svitlana and Jazic, Ina and Wang, Xin Victoria and Ahmadifar, Mahnaz and Birrer, Michael J. and Parmigiani, Giovanni and Huttenhower, Curtis and Waldron, Levi},
doi = {10.1093/database/bat013},
isbn = {1758-0463 (Linking)},
issn = {17580463},
journal = {Database},
pages = {1--10},
pmid = {23550061},
title = {{curatedOvarianData: Clinically annotated data for the ovarian cancer transcriptome}},
volume = {2013},
year = {2013}
}

% KEGG

@article{Kanehisa2008,
author = {Kanehisa, Minoru and Araki, Michihiro and Goto, Susumu and Hattori, Masahiro and Hirakawa, Mika and Itoh, Masumi and Katayama, Toshiaki and Kawashima, Shuichi and Okuda, Shujiro and Tokimatsu, Toshiaki and Yamanishi, Yoshihiro},
doi = {10.1093/nar/gkm882},
isbn = {1362-4962 (Electronic)$\backslash$r0305-1048 (Linking)},
issn = {03051048},
journal = {Nucleic Acids Research},
number = {SUPPL. 1},
pages = {480--484},
pmid = {18077471},
title = {{KEGG for linking genomes to life and the environment}},
volume = {36},
year = {2008}
}

% KEGGgraph

@article{Zhang2009,
author = {Zhang, Jitao David and Wiemann, Stefan},
doi = {10.1093/bioinformatics/btp167},
isbn = {1367-4811 (Linking)},
issn = {13674803},
journal = {Bioinformatics},
number = {11},
pages = {1470--1471},
pmid = {19307239},
title = {{KEGGgraph: A graph approach to KEGG PATHWAY in R and bioconductor}},
volume = {25},
year = {2009}
}

% limma

@article{Smyth2005,
author = {Smyth, G},
isbn = {0-387-25146-4},
issn = {1544-6115},
journal = {Bioinformatics and Computational Biology Solutions Using R and Bioconductor},
number = {2005},
pages = {397--420},
pmid = {16495579},
title = {{limma: Linear Models for Microarray Data}},
url = {http://dx.doi.org/10.1007/0-387-29362-0\_23},
year = {2005}
}

% Self Contained Gene Set Analysis 

@article{Fridley2010,
author = {Fridley, Brooke L and Jenkins, Gregory D and Biernacka, Joanna M},
doi = {10.1371/journal.pone.0012693},
issn = {1932-6203},
journal = {PloS one},
month = jan,
number = {9},
pmid = {20862301},
title = {{Self-contained gene-set analysis of expression data: an evaluation of existing and novel methods.}},
url = {http://www.pubmedcentral.nih.gov/articlerender.fcgi?artid=2941449\&tool=pmcentrez\&rendertype=abstract},
volume = {5},
year = {2010}
}

% Analyzing gene expression data in terms of gene sets

@article{Goeman2007,
author = {Goeman, Jelle J. and B\"{u}hlmann, Peter},
doi = {10.1093/bioinformatics/btm051},
isbn = {1367-4811 (Electronic)$\backslash$r1367-4803 (Linking)},
issn = {13674803},
journal = {Bioinformatics},
number = {8},
pages = {980--987},
pmid = {17303618},
title = {{Analyzing gene expression data in terms of gene sets: Methodological issues}},
volume = {23},
year = {2007}
}

% Bootstrap 


@article{Efron1979,
author = {Efron, Bradley},
journal = {Annals of Statistics},
number = {1},
pages = {1--26},
title = {{Bootstrap Methods: Another Look at the Jackknife}},
volume = {7},
year = {1979}
}


% ---  Network Based Pathway Analysis Methods Lab Notebook 5 p 87


@ARTICLE{Massa2010-yi,
  title       = "Gene set analysis exploiting the topology of a pathway",
  author      = "Massa, Maria Sofia and Chiogna, Monica and Romualdi, Chiara",
  affiliation = "Department of Statistical Sciences, University of Padova, via
                 C, Battisti 241, Padova, Italy.",
  journal     = "BMC Syst. Biol.",
  volume      =  4,
  pages       = "121",
  month       =  "1~" # sep,
  year        =  2010,
  language    = "en"
}

@ARTICLE{Jacob2010-sz,
  title         = "Gains in Power from Structured {Two-Sample} Tests of Means
                   on Graphs",
  author        = "Jacob, Laurent and Neuvial, Pierre and Dudoit, Sandrine",
  month         =  "27~" # sep,
  year          =  2010,
  archivePrefix = "arXiv",
  primaryClass  = "q-bio.QM",
  eprint        = "1009.5173"
}

@ARTICLE{Gu2013-px,
  title       = "{CePa}: an {R} package for finding significant pathways
                 weighted by multiple network centralities",
  author      = "Gu, Zuguang and Wang, Jin",
  affiliation = "The State Key Laboratory of Pharmaceutical Biotechnology and
                 Jiangsu Engineering Research Center for MicroRNA Biology and
                 Biotechnology, School of Life Science, Department of Physics,
                 Nanjing University, Nanjing 210093, China.",
  journal     = "Bioinformatics",
  volume      =  29,
  number      =  5,
  pages       = "658--660",
  month       =  "1~" # mar,
  year        =  2013,
  language    = "en"
}

@ARTICLE{Gu2012-qo,
  title       = "Centrality-based pathway enrichment: a systematic approach for
                 finding significant pathways dominated by key genes",
  author      = "Gu, Zuguang and Liu, Jialin and Cao, Kunming and Zhang,
                 Junfeng and Wang, Jin",
  affiliation = "The State Key Laboratory of Pharmaceutical Biotechnology and
                 Jiangsu Engineering Research Center for MicroRNA Biology and
                 Biotechnology, School of Life Science, Nanjing University,
                 Nanjing, 210093, China.",
  journal     = "BMC Syst. Biol.",
  volume      =  6,
  pages       = "56",
  month       =  "6~" # jun,
  year        =  2012,
  language    = "en"
}

@ARTICLE{Pramana2013-pt,
  title   = "{neaGUI}: An {R} package to perform the network enrichment
             analysis ({NEA})",
  author  = "Pramana, S",
  journal = "R package version",
  volume  =  1,
  number  =  0,
  year    =  2013
}

@ARTICLE{Alexeyenko2012-jo,
  title       = "Network enrichment analysis: extension of gene-set enrichment
                 analysis to gene networks",
  author      = "Alexeyenko, Andrey and Lee, Woojoo and Pernemalm, Maria and
                 Guegan, Justin and Dessen, Philippe and Lazar, Vladimir and
                 Lehti{\"{o}}, Janne and Pawitan, Yudi",
  affiliation = "School of Biotechnology, Royal Institute of Technology,
                 Stockholm, Sweden.",
  journal     = "BMC Bioinformatics",
  volume      =  13,
  pages       = "226",
  month       =  "11~" # sep,
  year        =  2012,
  language    = "en"
}

@ARTICLE{Voichita2013-ae,
  title   = "{ROntoTools}: The {R} {Onto-Tools} suite",
  author  = "Voichita, Calin and Draghici, Sorin",
  journal = "R package version",
  volume  =  1,
  number  =  2,
  year    =  2013
}

@INPROCEEDINGS{Voichita_undated-bw,
  title           = "Incorporating Gene Significance in the Impact Analysis of
                     Signaling Pathways",
  booktitle       = "2012 11th International Conference on Machine Learning and
                     Applications",
  author          = "Voichita, Calin and Donato, Michele and Draghici, Sorin",
  publisher       = "IEEE",
  pages           = "126--131",
  conference      = "2012 Eleventh International Conference on Machine Learning
                     and Applications (ICMLA)"
}

@ARTICLE{Draghici2007-hc,
  title       = "A systems biology approach for pathway level analysis",
  author      = "Draghici, Sorin and Khatri, Purvesh and Tarca, Adi Laurentiu
                 and Amin, Kashyap and Done, Arina and Voichita, Calin and
                 Georgescu, Constantin and Romero, Roberto",
  affiliation = "Karmanos Cancer Institute, Wayne State University, Detroit,
                 Michigan 48202, USA. sod@cs.wayne.edu",
  journal     = "Genome Res.",
  volume      =  17,
  number      =  10,
  pages       = "1537--1545",
  month       =  oct,
  year        =  2007,
  language    = "en"
}

@ARTICLE{Tarca2009-wj,
  title       = "A novel signaling pathway impact analysis",
  author      = "Tarca, Adi Laurentiu and Draghici, Sorin and Khatri, Purvesh
                 and Hassan, Sonia S and Mittal, Pooja and Kim, Jung-Sun and
                 Kim, Chong Jai and Kusanovic, Juan Pedro and Romero, Roberto",
  affiliation = "Department of Computer Science, Wayne State University, 431
                 State Hall, Detroit, MI 48202, USA.",
  journal     = "Bioinformatics",
  volume      =  25,
  number      =  1,
  pages       = "75--82",
  month       =  "1~" # jan,
  year        =  2009,
  language    = "en"
}

@ARTICLE{Dutta2012-xp,
  title       = "{PathNet}: a tool for pathway analysis using topological
                 information",
  author      = "Dutta, Bhaskar and Wallqvist, Anders and Reifman, Jaques",
  affiliation = "DoD Biotechnology High Performance Computing Software
                 Applications Institute, Telemedicine and Advanced Technology
                 Research Center, U,S, Army Medical Research and Materiel
                 Command, Ft, Detrick, MD, 21702, USA.
                 jaques.reifman@us.army.mil.",
  journal     = "Source Code Biol. Med.",
  volume      =  7,
  number      =  1,
  pages       = "10",
  month       =  "24~" # sep,
  year        =  2012
}

% Significant Area Search

@ARTICLE{Wu2009-sw,
  title       = "Identifying responsive functional modules from protein-protein
                 interaction network",
  author      = "Wu, Zikai and Zhao, Xingming and Chen, Luonan",
  affiliation = "Institute of Systems Biology, Shanghai University, Shanghai
                 200444, China.",
  journal     = "Mol. Cells",
  volume      =  27,
  number      =  3,
  pages       = "271--277",
  month       =  "31~" # mar,
  year        =  2009,
  language    = "en"
}

% Diffusion flow 


@ARTICLE{Komurov2012-wb,
  title       = "{NetWalker}: a contextual network analysis tool for functional
                 genomics",
  author      = "Komurov, Kakajan and Dursun, Serkan and Erdin, Serkan and Ram,
                 Prahlad T",
  affiliation = "Division of Experimental Hematology and Cancer Biology,
                 Cincinnati Children's Hospital Medical Center, Cincinnati, OH,
                 USA. Kakajan.Komurov@cchmc.org",
  journal     = "BMC Genomics",
  volume      =  13,
  pages       = "282",
  month       =  "25~" # jun,
  year        =  2012,
  language    = "en"
}

@ARTICLE{Lan2011-qr,
  title       = "{ResponseNet}: revealing signaling and regulatory networks
                 linking genetic and transcriptomic screening data",
  author      = "Lan, Alex and Smoly, Ilan Y and Rapaport, Guy and Lindquist,
                 Susan and Fraenkel, Ernest and Yeger-Lotem, Esti",
  affiliation = "Department of Computer Science, Ben-Gurion University of The
                 Negev, Beer-Sheva 84105, Israel.",
  journal     = "Nucleic Acids Res.",
  volume      =  39,
  number      = "Web Server issue",
  pages       = "W424--9",
  month       =  jul,
  year        =  2011,
  language    = "en"
}

@ARTICLE{Qiu2010-ha,
  title       = "Detecting disease associated modules and prioritizing active
                 genes based on high throughput data",
  author      = "Qiu, Yu-Qing and Zhang, Shihua and Zhang, Xiang-Sun and Chen,
                 Luonan",
  affiliation = "Academy of Mathematics and Systems Science, Chinese Academy of
                 Sciences, Beijing 100190, PR China.",
  journal     = "BMC Bioinformatics",
  volume      =  11,
  pages       = "26",
  month       =  "13~" # jan,
  year        =  2010,
  language    = "en"
}

@ARTICLE{Vandin2011-zg,
  title       = "Algorithms for detecting significantly mutated pathways in
                 cancer",
  author      = "Vandin, Fabio and Upfal, Eli and Raphael, Benjamin J",
  affiliation = "Department of Computer Science, Brown University, Providence,
                 Rhode Island, USA. vandinfa@cs.brown.edu",
  journal     = "J. Comput. Biol.",
  volume      =  18,
  number      =  3,
  pages       = "507--522",
  month       =  mar,
  year        =  2011,
  language    = "en"
}

@ARTICLE{Paull2013-fd,
  title       = "Discovering causal pathways linking genomic events to
                 transcriptional states using Tied Diffusion Through
                 Interacting Events ({TieDIE})",
  author      = "Paull, Evan O and Carlin, Daniel E and Niepel, Mario and
                 Sorger, Peter K and Haussler, David and Stuart, Joshua M",
  affiliation = "Department of Biomolecular Engineering, University of
                 California, Santa Cruz, CA 95064, Department of Systems
                 Biology, HMS LINCS Center, Harvard Medical School, Boston, MA
                 02115 and Howard Hughes Medical Institute, Santa Cruz, CA
                 95064, USA.",
  journal     = "Bioinformatics",
  volume      =  29,
  number      =  21,
  pages       = "2757--2764",
  month       =  "1~" # nov,
  year        =  2013
}



@ARTICLE{Fisher1932-rp,
  title   = "Statistical methods for research workers. Edinburgh: Oliver and
             Boyd, 1925",
  author  = "Fisher, R A",
  journal = "FisherStatistical Methods for Research Workers1925",
  year    =  1932
}



@ARTICLE{Kulkarni2009-xh,
  title       = "Cdc7 kinase is a predictor of survival and a novel therapeutic
                 target in epithelial ovarian carcinoma",
  author      = "Kulkarni, Anjana A and Kingsbury, Sarah R and Tudzarova,
                 Slavica and Hong, Hye-Kyung and Loddo, Marco and Rashid,
                 Mohammed and Rodriguez-Acebes, Sara and Prevost, Andrew T and
                 Ledermann, Jonathan A and Stoeber, Kai and Williams, Gareth H",
  affiliation = "Department of Pathology and Cancer Institute, Cancer
                 Institute, University College London, London, United Kingdom.",
  journal     = "Clin. Cancer Res.",
  volume      =  15,
  number      =  7,
  pages       = "2417--2425",
  month       =  "1~" # apr,
  year        =  2009,
  language    = "en"
}



@ARTICLE{Bowen2009-py,
  title       = "Gene expression profiling supports the hypothesis that human
                 ovarian surface epithelia are multipotent and capable of
                 serving as ovarian cancer initiating cells",
  author      = "Bowen, Nathan J and Walker, L Deette and Matyunina, Lilya V
                 and Logani, Sanjay and Totten, Kimberly A and Benigno,
                 Benedict B and McDonald, John F",
  affiliation = "School of Biology, Georgia Institute of Technology, Atlanta,
                 GA, USA. bowen@gatech.edu",
  journal     = "BMC Med. Genomics",
  volume      =  2,
  pages       = "71",
  month       =  "29~" # dec,
  year        =  2009,
  language    = "en"
}



@ARTICLE{Bonte2008-of,
  title       = "{Cdc7-Dbf4} kinase overexpression in multiple cancers and
                 tumor cell lines is correlated with p53 inactivation",
  author      = "Bonte, Dorine and Lindvall, Charlotta and Liu, Hongyu and
                 Dykema, Karl and Furge, Kyle and Weinreich, Michael",
  affiliation = "Laboratories of Chromosome Replication, Van Andel Research
                 Institute, Grand Rapids, MI 49503, USA.",

  journal     = "Neoplasia",
  volume      =  10,
  number      =  9,
  pages       = "920--931",
  month       =  sep,
  year        =  2008,
  language    = "en"
}



@ARTICLE{Goeman2007-vr,
  title       = "Analyzing gene expression data in terms of gene sets:
                 methodological issues",
  author      = "Goeman, Jelle J and B{\"{u}}hlmann, Peter",
  affiliation = "Department of Medical Statistics and Bioinformatics, Leiden
                 University Medical Center, Leiden, The Netherlands.
                 j.j.goeman@lumc.nl",
  journal     = "Bioinformatics",
  volume      =  23,
  number      =  8,
  pages       = "980--987",
  month       =  "15~" # apr,
  year        =  2007,
  language    = "en"
}


@ARTICLE{Fridley2010-vy,
  title       = "Self-contained gene-set analysis of expression data: an
                 evaluation of existing and novel methods",
  author      = "Fridley, Brooke L and Jenkins, Gregory D and Biernacka, Joanna
                 M",
  affiliation = "Department of Health Sciences Research, Mayo Clinic,
                 Rochester, Minnesota, USA. fridley.brooke@mayo.edu",
  journal     = "PLoS One",
  volume      =  5,
  number      =  9,
  month       =  "17~" # sep,
  year        =  2010,
  language    = "en"
}



@INPROCEEDINGS{Shafi2015-qu,
  title     = "A systems biology approach for the identification of
               significantly perturbed genes",
  booktitle = "Proceedings of the 6th {ACM} Conference on Bioinformatics,
               Computational Biology and Health Informatics",
  author    = "Shafi, Adib and Donato, Michele and Draghici, Sorin",
  publisher = "ACM",
  pages     = "423--432",
  month     =  "9~" # sep,
  year      =  2015,
  keywords  = "differentiating phenotypes; perturbed genes"
}



@ARTICLE{Nitsch2009-rv,
  title       = "Network analysis of differential expression for the
                 identification of disease-causing genes",
  author      = "Nitsch, Daniela and Tranchevent, L{\'e}on-Charles and
                 Thienpont, Bernard and Thorrez, Lieven and Van Esch, Hilde and
                 Devriendt, Koenraad and Moreau, Yves",
  affiliation = "Department of Electrical Engineering (ESAT-SCD) Katholieke
                 Universiteit Leuven, Leuven, Belgium.
                 Daniela.Nitsch@esat.kuleuven.be",
  journal     = "PLoS One",
  volume      =  4,
  number      =  5,
  pages       = "e5526",
  month       =  "13~" # may,
  year        =  2009,
  language    = "en"
}


@article{MANO06,
  Author = {Manoli, T. and Gretz, N. and Gr{\"o}ne, H.J. and Kenzelmann, M. and Eils, R. and Brors, B.},
  Issn = {1367-4803},
  Journal = BIOINF,
  Number = {20},
  Pages = {2500},
  Title = {Group testing for pathway analysis improves comparability of different microarray datasets},
  Volume = {22},
  Year = 2006
}


@article{SHAH2017,
 Author = {Sahil Shah and Rosemary Braun},
 Title = {Network-Based identification of disease genes in expression
 data: the GeneSurrounder method},
 Journal = {Forthcoming},
 Year = 2017
}



@article{jiang2014assessment,
  title={Assessment of subnetwork detection methods for breast cancer},
  author={Jiang, Biaobin and Gribskov, Michael},
  journal={Cancer informatics},
  volume={13},
  number={Suppl 6},
  pages={15},
  year={2014},
  publisher={Libertas Academica}
}


@ARTICLE{Gwinner2016-kq,
  title       = "Network-based analysis of omics data: The {LEAN} method",
  author      = "Gwinner, Frederik and Boulday, Gw{\'e}nola and Vandiedonck,
                 Claire and Arnould, Minh and Cardoso, C{\'e}cile and
                 Nikolayeva, Iryna and Guitart-Pla, Oriol and Denis, C{\'e}cile
                 V and Christophe, Olivier D and Beghain, Johann and
                 Tournier-Lasserve, Elisabeth and Schwikowski, Benno",
  journal     = "Bioinformatics",
  month       =  "26~" # oct,
  year        =  2016,
  language    = "en"
}





